<?xml version="1.0" encoding="UTF-8"?><collection xmlns="http://www.loc.gov/MARC21/slim"><record><leader>00662nam--2200205-i-4500</leader><controlfield tag="001">000030856</controlfield><controlfield tag="002">20161230</controlfield><controlfield tag="005">20161230201038</controlfield><controlfield tag="008">060222s1000------------r-----000-0-eng-d</controlfield><datafield ind1=" " ind2=" " tag="020"><subfield code="a">997150149X</subfield></datafield><datafield ind1=" " ind2=" " tag="040"><subfield code="a">IFIN-HH</subfield></datafield><datafield ind1=" " ind2=" " tag="080"><subfield code="a">539.2(061.3)</subfield></datafield><datafield ind1="1" ind2=" " tag="100"><subfield code="a">Chowdari, B.V.R./S.A.</subfield></datafield><datafield ind1="1" ind2="0" tag="245"><subfield code="a">Materials for solid state batteries</subfield><subfield code="b">Proceedings of the regional workshop singapore 2-6 june 1986</subfield><subfield code="c">B.v.r. chowdari, s. radhakrishna (eds.)</subfield></datafield><datafield ind1=" " ind2=" " tag="260"><subfield code="a">Singapore</subfield><subfield code="b">World Scientific</subfield><subfield code="c">1986</subfield></datafield><datafield ind1=" " ind2=" " tag="300"><subfield code="a">XIII + 502P</subfield></datafield><datafield ind1=" " ind2=" " tag="490"><subfield code="a">Wspc - Costed Series In Emergng Technology</subfield></datafield><datafield ind1="1" ind2=" " tag="700"><subfield code="a">Radhakrishna, S</subfield><subfield code="e">Ed</subfield></datafield><datafield ind1=" " ind2=" " tag="852"><subfield code="a">79077</subfield><subfield code="c">539.2</subfield></datafield><datafield ind1=" " ind2=" " tag="CAT"><subfield code="a">Sys</subfield><subfield code="c">20121203</subfield><subfield code="h">124811</subfield></datafield></record></collection>